@inproceedings{alam2020affinity,
  title={Affinity Dependent Negative Sampling for Knowledge Graph Embeddings.},
  author={Alam, Mirza Mohtashim and Jabeen, Hajira and Ali, Mehdi and Mohiuddin, Karishma and Lehmann, Jens},
  booktitle={DL4KG@ ESWC},
  year={2020}
}

@article{zhang2020efficient,
  title={Efficient, Simple and Automated Negative Sampling for Knowledge Graph Embedding},
  author={Zhang, Yongqi and Yao, Quanming and Chen, Lei},
  journal={arXiv preprint arXiv:2010.14227},
  year={2020}
}

@article{qianunderstanding,
  title={UNDERSTANDING NEGATIVE SAMPLING IN KNOWLEDGE GRAPH EMBEDDING},
  author={Qian, Jing and Li, Gangmin and Atkinson, Katie and Yue, Yong}
}

@article{cai2017kbgan,
  title={Kbgan: Adversarial learning for knowledge graph embeddings},
  author={Cai, Liwei and Wang, William Yang},
  journal={arXiv preprint arXiv:1711.04071},
  year={2017}
}

@article{arnaout2020negative,
  title={Negative Statements Considered Useful},
  author={Arnaout, Hiba and Razniewski, Simon and Weikum, Gerhard and Pan, Jeff Z},
  journal={arXiv preprint arXiv:2001.04425},
  year={2020}
}

@inproceedings{arnaout2021negative,
  title={Negative Knowledge for Open-world Wikidata},
  author={Arnaout, Hiba and Razniewski, Simon and Weikum, Gerhard and Pan, Jeff Z},
  booktitle={Companion Proceedings of the Web Conference 2021},
  pages={544--551},
  year={2021}
}

@inproceedings{yang2020understanding,
  title={Understanding negative sampling in graph representation learning},
  author={Yang, Zhen and Ding, Ming and Zhou, Chang and Yang, Hongxia and Zhou, Jingren and Tang, Jie},
  booktitle={Proceedings of the 26th ACM SIGKDD International Conference on Knowledge Discovery \& Data Mining},
  pages={1666--1676},
  year={2020}
}


@inproceedings{arnaout2020enriching,
  title={Enriching knowledge bases with interesting negative statements},
  author={Arnaout, Hiba and Razniewski, Simon and Weikum, Gerhard},
  booktitle={Automated Knowledge Base Construction},
  year={2020}
}

@article{ahrabian2020structure,
  title={Structure Aware Negative Sampling in Knowledge Graphs},
  author={Ahrabian, Kian and Feizi, Aarash and Salehi, Yasmin and Hamilton, William L and Bose, Avishek Joey},
  journal={arXiv preprint arXiv:2009.11355},
  year={2020}
}

@inproceedings{wang2018incorporating,
  title={Incorporating gan for negative sampling in knowledge representation learning},
  author={Wang, Peifeng and Li, Shuangyin and Pan, Rong},
  booktitle={Proceedings of the AAAI Conference on Artificial Intelligence},
  volume={32},
  number={1},
  year={2018}
}

@inproceedings{zhang2019nscaching,
  title={NSCaching: simple and efficient negative sampling for knowledge graph embedding},
  author={Zhang, Yongqi and Yao, Quanming and Shao, Yingxia and Chen, Lei},
  booktitle={2019 IEEE 35th International Conference on Data Engineering (ICDE)},
  pages={614--625},
  year={2019},
  organization={IEEE}
}


@article{kotnis2017analysis,
  title={Analysis of the impact of negative sampling on link prediction in knowledge graphs},
  author={Kotnis, Bhushan and Nastase, Vivi},
  journal={arXiv preprint arXiv:1708.06816},
  year={2017}
}

@article{arnaoutwikinegata,
  title={Wikinegata: A Knowledge Base with Interesting Negative Statements},
  author={Arnaout, Hiba and Razniewski, Simon and Weikum, Gerhard and Pan, Jeff Z}
}