@inproceedings{alam2020affinity,
  title={Affinity Dependent Negative Sampling for Knowledge Graph Embeddings.},
  author={Alam, Mirza Mohtashim and Jabeen, Hajira and Ali, Mehdi and Mohiuddin, Karishma and Lehmann, Jens},
  booktitle={DL4KG@ ESWC},
  year={2020}
}



@article{qianunderstanding,
  title={UNDERSTANDING NEGATIVE SAMPLING IN KNOWLEDGE GRAPH EMBEDDING},
  author={Qian, Jing and Li, Gangmin and Atkinson, Katie and Yue, Yong},
  year={2021}
}

@article{cai2017kbgan,
  title={Kbgan: Adversarial learning for knowledge graph embeddings},
  author={Cai, Liwei and Wang, William Yang},
  journal={arXiv preprint arXiv:1711.04071},
  year={2017}
}

@article{arnaout2020negative,
  title={Negative Statements Considered Useful},
  author={Arnaout, Hiba and Razniewski, Simon and Weikum, Gerhard and Pan, Jeff Z},
  journal={arXiv preprint arXiv:2001.04425},
  year={2020}
}

@inproceedings{arnaout2021negative,
  title={Negative Knowledge for Open-world Wikidata},
  author={Arnaout, Hiba and Razniewski, Simon and Weikum, Gerhard and Pan, Jeff Z},
  booktitle={Companion Proceedings of the Web Conference 2021},
  pages={544--551},
  year={2021}
}

@inproceedings{arnaout2020enriching,
  title={Enriching knowledge bases with interesting negative statements},
  author={Arnaout, Hiba and Razniewski, Simon and Weikum, Gerhard},
  booktitle={Automated Knowledge Base Construction},
  year={2020}
}

@article{ahrabian2020structure,
  title={Structure Aware Negative Sampling in Knowledge Graphs},
  author={Ahrabian, Kian and Feizi, Aarash and Salehi, Yasmin and Hamilton, William L and Bose, Avishek Joey},
  journal={arXiv preprint arXiv:2009.11355},
  year={2020}
}

@inproceedings{IGAN,
  title={Incorporating gan for negative sampling in knowledge representation learning},
  author={Wang, Peifeng and Li, Shuangyin and Pan, Rong},
  booktitle={Proceedings of the AAAI Conference on Artificial Intelligence},
  volume={32},
  number={1},
  year={2018}
}

@inproceedings{zhang2019nscaching,
  title={NSCaching: simple and efficient negative sampling for knowledge graph embedding},
  author={Zhang, Yongqi and Yao, Quanming and Shao, Yingxia and Chen, Lei},
  booktitle={2019 IEEE 35th International Conference on Data Engineering (ICDE)},
  pages={614--625},
  year={2019},
  organization={IEEE}
}


@article{kotnis2017analysis,
  title={Analysis of the impact of negative sampling on link prediction in knowledge graphs},
  author={Kotnis, Bhushan and Nastase, Vivi},
  journal={arXiv preprint arXiv:1708.06816},
  year={2017}
}

@article{arnaoutwikinegata,
  title={Wikinegata: A Knowledge Base with Interesting Negative Statements},
  author={Arnaout, Hiba and Razniewski, Simon and Weikum, Gerhard and Pan, Jeff Z}
}

@inproceedings{Alam2020AffinityDN,
  title={Affinity Dependent Negative Sampling for Knowledge Graph Embeddings},
  author={Mirza Mohtashim Alam and Hajira Jabeen and Mehdi Ali and Karishma Mohiuddin and Jens Lehmann},
  booktitle={DL4KG@ESWC},
  year={2020}
}

@inproceedings{Dupre2018Word2vec,
author = {Caselles-Dupr\'{e}, Hugo and Lesaint, Florian and Royo-Letelier, Jimena},
title = {Word2vec Applied to Recommendation: Hyperparameters Matter},
year = {2018},
isbn = {9781450359016},
publisher = {Association for Computing Machinery},
address = {New York, NY, USA},
url = {https://doi.org/10.1145/3240323.3240377},
doi = {10.1145/3240323.3240377},
pages = {352–356},
numpages = {5},
keywords = {recommender system evaluation, embeddings, neural networks},
location = {Vancouver, British Columbia, Canada},
series = {RecSys '18}
}


@article{MikolovSCCD13,
  author    = {Tom{\'{a}}s Mikolov and
               Ilya Sutskever and
               Kai Chen and
               Greg Corrado and
               Jeffrey Dean},
  title     = {Distributed Representations of Words and Phrases and their Compositionality},
  journal   = {CoRR},
  volume    = {abs/1310.4546},
  year      = {2013},
  url       = {http://arxiv.org/abs/1310.4546},
  eprinttype = {arXiv},
  eprint    = {1310.4546},
  timestamp = {Mon, 28 Dec 2020 11:31:02 +0100},
  biburl    = {https://dblp.org/rec/journals/corr/MikolovSCCD13.bib},
  bibsource = {dblp computer science bibliography, https://dblp.org}
}


@INPROCEEDINGS{Hu2008Collaborative,
  author={Hu, Yifan and Koren, Yehuda and Volinsky, Chris},
  booktitle={2008 Eighth IEEE International Conference on Data Mining}, 
  title={Collaborative Filtering for Implicit Feedback Datasets}, 
  year={2008},
  volume={},
  number={},
  pages={263-272},
  doi={10.1109/ICDM.2008.22}
}


@misc{MCNS,
      title={Understanding Negative Sampling in Graph Representation Learning}, 
      author={Zhen Yang and Ming Ding and Chang Zhou and Hongxia Yang and Jingren Zhou and Jie Tang},
      year={2020},
      eprint={2005.09863},
      archivePrefix={arXiv},
      primaryClass={cs.LG}
}


@article{ConEx,
  author    = {Caglar Demir and
               Axel{-}Cyrille Ngonga Ngomo},
  title     = {Convolutional Complex Knowledge Graph Embeddings},
  journal   = {CoRR},
  volume    = {abs/2008.03130},
  year      = {2020},
  url       = {https://arxiv.org/abs/2008.03130},
  eprinttype = {arXiv},
  eprint    = {2008.03130},
  timestamp = {Fri, 14 Aug 2020 15:14:45 +0200},
  biburl    = {https://dblp.org/rec/journals/corr/abs-2008-03130.bib},
  bibsource = {dblp computer science bibliography, https://dblp.org}
}


@article{PinSAGE,
  author    = {Rex Ying and
               Ruining He and
               Kaifeng Chen and
               Pong Eksombatchai and
               William L. Hamilton and
               Jure Leskovec},
  title     = {Graph Convolutional Neural Networks for Web-Scale Recommender Systems},
  journal   = {CoRR},
  volume    = {abs/1806.01973},
  year      = {2018},
  url       = {http://arxiv.org/abs/1806.01973},
  eprinttype = {arXiv},
  eprint    = {1806.01973},
  timestamp = {Mon, 13 Aug 2018 16:46:26 +0200},
  biburl    = {https://dblp.org/rec/journals/corr/abs-1806-01973.bib},
  bibsource = {dblp computer science bibliography, https://dblp.org}
}



@Article{electronics9050750,
    AUTHOR = {Dai, Yuanfei and Wang, Shiping and Xiong, Neal N. and Guo, Wenzhong},
    TITLE = {A Survey on Knowledge Graph Embedding: Approaches, Applications and Benchmarks},
    JOURNAL = {Electronics},
    VOLUME = {9},
    YEAR = {2020},
    NUMBER = {5},
    ARTICLE-NUMBER = {750},
    URL = {https://www.mdpi.com/2079-9292/9/5/750},
    ISSN = {2079-9292},
    DOI = {10.3390/electronics9050750}
}



@inproceedings{Settles2009ActiveLL,
  title={Active Learning Literature Survey},
  author={Burr Settles},
  year={2009}
}


@misc{safavi2021negater,
      title={NegatER: Unsupervised Discovery of Negatives in Commonsense Knowledge Bases}, 
      author={Tara Safavi and Jing Zhu and Danai Koutra},
      year={2021},
      eprint={2011.07497},
      archivePrefix={arXiv},
      primaryClass={cs.AI}
}


@inproceedings{WARP,
    title	= {Wsabie: Scaling Up To Large Vocabulary Image Annotation},
    author	= {Jason Weston and Samy Bengio and Nicolas Usunier},
    year	= {2011},
    booktitle	= {Proceedings of the International Joint Conference on Artificial Intelligence, IJCAI}
}

@misc{zhang2021efficient,
      title={Efficient, Simple and Automated Negative Sampling for Knowledge Graph Embedding}, 
      author={Yongqi Zhang and Quanming Yao and Lei Chen},
      year={2021},
      eprint={2010.14227},
      archivePrefix={arXiv},
      primaryClass={cs.LG}
}


@inproceedings{DNS,
    author = {Zhang, Weinan and Chen, Tianqi and Wang, Jun and Yu, Yong},
    title = {Optimizing Top-n Collaborative Filtering via Dynamic Negative Item Sampling},
    year = {2013},
    isbn = {9781450320344},
    publisher = {Association for Computing Machinery},
    address = {New York, NY, USA},
    url = {https://doi.org/10.1145/2484028.2484126},
    doi = {10.1145/2484028.2484126},
    pages = {785–788},
    numpages = {4},
    keywords = {ranking-oriented collaborative filtering, recommender systems, negative item sampling},
    location = {Dublin, Ireland},
    series = {SIGIR '13}
}

@misc{GraphSAGE,
      title={Inductive Representation Learning on Large Graphs}, 
      author={William L. Hamilton and Rex Ying and Jure Leskovec},
      year={2018},
      eprint={1706.02216},
      archivePrefix={arXiv},
      primaryClass={cs.SI}
}


@article{RotatE,
  author    = {Zhiqing Sun and
               Zhi{-}Hong Deng and
               Jian{-}Yun Nie and
               Jian Tang},
  title     = {RotatE: Knowledge Graph Embedding by Relational Rotation in Complex
               Space},
  journal   = {CoRR},
  volume    = {abs/1902.10197},
  year      = {2019},
  url       = {http://arxiv.org/abs/1902.10197},
  eprinttype = {arXiv},
  eprint    = {1902.10197},
  timestamp = {Fri, 26 Jul 2019 07:57:14 +0200},
  biburl    = {https://dblp.org/rec/journals/corr/abs-1902-10197.bib},
  bibsource = {dblp computer science bibliography, https://dblp.org}
}


@inproceedings{RESCAL,
    author = {Nickel, Maximilian and Tresp, Volker and Kriegel, Hans-Peter},
    year = {2011},
    month = {01},
    pages = {809-816},
    title = {A Three-Way Model for Collective Learning on Multi-Relational Data.},
    journal = {Proceedings of the 28th International Conference on Machine Learning, ICML 2011}
}

@inproceedings{TransE,
    author = {Bordes, Antoine and Usunier, Nicolas and Garcia-Dur\'{a}n, Alberto and Weston, Jason and Yakhnenko, Oksana},
    title = {Translating Embeddings for Modeling Multi-Relational Data},
    year = {2013},
    publisher = {Curran Associates Inc.},
    address = {Red Hook, NY, USA},
    booktitle = {Proceedings of the 26th International Conference on Neural Information Processing Systems - Volume 2},
    pages = {2787–2795},
    numpages = {9},
    location = {Lake Tahoe, Nevada},
    series = {NIPS'13}
}


@article{DistMult,
    author = {Yang, Bishan and Yih, Wen-tau and He, Xiaodong and Gao, Jianfeng and Deng, li},
    year = {2014},
    month = {12},
    pages = {},
    title = {Embedding Entities and Relations for Learning and Inference in Knowledge Bases}
}

@article{ConvE,
  author    = {Tim Dettmers and
               Pasquale Minervini and
               Pontus Stenetorp and
               Sebastian Riedel},
  title     = {Convolutional 2D Knowledge Graph Embeddings},
  journal   = {CoRR},
  volume    = {abs/1707.01476},
  year      = {2017},
  url       = {http://arxiv.org/abs/1707.01476},
  eprinttype = {arXiv},
  eprint    = {1707.01476},
  timestamp = {Mon, 13 Aug 2018 16:46:16 +0200},
  biburl    = {https://dblp.org/rec/journals/corr/DettmersMSR17.bib},
  bibsource = {dblp computer science bibliography, https://dblp.org}
}


@article{TransH, 
    title={Knowledge Graph Embedding by Translating on Hyperplanes}, volume={28}, 
    url={https://ojs.aaai.org/index.php/AAAI/article/view/8870}, number={1}, 
    journal={Proceedings of the AAAI Conference on Artificial Intelligence}, 
    author={Wang, Zhen and Zhang, Jianwen and Feng, Jianlin and Chen, Zheng}, 
    year={2014}, 
    month={Jun.} 
}


@article{TransR, 
    title={Learning Entity and Relation Embeddings for Knowledge Graph Completion}, 
    volume={29}, 
    url={https://ojs.aaai.org/index.php/AAAI/article/view/9491}, number={1}, 
    journal={Proceedings of the AAAI Conference on Artificial Intelligence}, 
    author={Lin, Yankai and Liu, Zhiyuan and Sun, Maosong and Liu, Yang and Zhu, Xuan}, 
    year={2015}, 
    month={Feb.} 
}

@inproceedings{TransD,
  title={Knowledge graph embedding via dynamic mapping matrix},
  author={Ji, Guoliang and He, Shizhu and Xu, Liheng and Liu, Kang and Zhao, Jun},
  booktitle={Proceedings of the 53rd Annual Meeting of the Association for Computational Linguistics and the 7th International Joint Conference on Natural Language Processing (Volume 1: Long Papers)},
  pages={687--696},
  year={2015}
}

@article{HolE,
  author    = {Maximilian Nickel and
               Lorenzo Rosasco and
               Tomaso A. Poggio},
  title     = {Holographic Embeddings of Knowledge Graphs},
  journal   = {CoRR},
  volume    = {abs/1510.04935},
  year      = {2015},
  url       = {http://arxiv.org/abs/1510.04935},
  eprinttype = {arXiv},
  eprint    = {1510.04935},
  timestamp = {Mon, 13 Aug 2018 16:48:35 +0200},
  biburl    = {https://dblp.org/rec/journals/corr/NickelRP15.bib},
  bibsource = {dblp computer science bibliography, https://dblp.org}
}

@misc{demir2021convolutional,
      title={Convolutional Hypercomplex Embeddings for Link Prediction}, 
      author={Caglar Demir and Diego Moussallem and Stefan Heindorf and Axel-Cyrille Ngonga Ngomo},
      year={2021},
      eprint={2106.15230},
      archivePrefix={arXiv},
      primaryClass={cs.LG}
}

@article{HypER,
  author    = {Ivana Balazevic and
               Carl Allen and
               Timothy M. Hospedales},
  title     = {Hypernetwork Knowledge Graph Embeddings},
  journal   = {CoRR},
  volume    = {abs/1808.07018},
  year      = {2018},
  url       = {http://arxiv.org/abs/1808.07018},
  eprinttype = {arXiv},
  eprint    = {1808.07018},
  timestamp = {Sat, 23 Jan 2021 01:12:53 +0100},
  biburl    = {https://dblp.org/rec/journals/corr/abs-1808-07018.bib},
  bibsource = {dblp computer science bibliography, https://dblp.org}
}

@inproceedings{ComplEx,
author = {Trouillon, Th\'{e}o and Welbl, Johannes and Riedel, Sebastian and Gaussier, \'{E}ric and Bouchard, Guillaume},
title = {Complex Embeddings for Simple Link Prediction},
year = {2016},
publisher = {JMLR.org},
booktitle = {Proceedings of the 33rd International Conference on International Conference on Machine Learning - Volume 48},
pages = {2071–2080},
numpages = {10},
location = {New York, NY, USA},
series = {ICML'16}
}

@misc{nguyen2021howtomeasure,
      title={How to measure uncertainty in uncertainty sampling for active learning}, 
      author={Vu-Linh Nguyen, Mohammad Hossein Shaker and Eyke Hüllermeier},
      year={2021}
}

@article{qiannegative,
  title={Negative Sampling in Knowledge Representation Learning: A Mini-Review},
  author={Qian, Jing and Li, Gangmin and Atkinson, Katie and Yue, Yong},
  year={2020}
}

@article{domainSampling,
  author    = {Qizhe Xie and
               Xuezhe Ma and
               Zihang Dai and
               Eduard H. Hovy},
  title     = {An Interpretable Knowledge Transfer Model for Knowledge Base Completion},
  journal   = {CoRR},
  volume    = {abs/1704.05908},
  year      = {2017},
  url       = {http://arxiv.org/abs/1704.05908},
  eprinttype = {arXiv},
  eprint    = {1704.05908},
  timestamp = {Mon, 13 Aug 2018 16:47:39 +0200},
  biburl    = {https://dblp.org/rec/journals/corr/XieMDH17.bib},
  bibsource = {dblp computer science bibliography, https://dblp.org}
}


@inproceedings{TEKE,
author = {Wang, Zhigang and Li, Juanzi},
title = {Text-Enhanced Representation Learning for Knowledge Graph},
year = {2016},
isbn = {9781577357704},
publisher = {AAAI Press},
pages = {1293–1299},
numpages = {7},
location = {New York, New York, USA},
series = {IJCAI'16}
}


@inproceedings{TKRL,
  title={Representation Learning of Knowledge Graphs with Hierarchical Types.},
  author={Xie, Ruobing and Liu, Zhiyuan and Sun, Maosong and others},
  booktitle={IJCAI},
  pages={2965--2971},
  year={2016}
}

@inproceedings{PTransE,
    title = "Modeling Relation Paths for Representation Learning of Knowledge Bases",
    author = "Lin, Yankai  and
      Liu, Zhiyuan  and
      Luan, Huanbo  and
      Sun, Maosong  and
      Rao, Siwei  and
      Liu, Song",
    booktitle = "Proceedings of the 2015 Conference on Empirical Methods in Natural Language Processing",
    month = sep,
    year = "2015",
    address = "Lisbon, Portugal",
    publisher = "Association for Computational Linguistics",
    url = "https://aclanthology.org/D15-1082",
    doi = "10.18653/v1/D15-1082",
    pages = "705--714",
}

@inbook{TransE-SNS,
author = {Qin, Saige and Rao, Guanjun and Bin, Chenzhong and Chang, Liang and Tianlong, Gu and Xuan, Wen},
year = {2019},
month = {09},
pages = {551-563},
title = {Knowledge Graph Embedding Based on Adaptive Negative Sampling},
isbn = {978-981-15-0117-3},
doi = {10.1007/978-981-15-0118-0_42}
}
@article{hogan2020knowledge,
  title={Knowledge graphs},
  author={Hogan, Aidan and Blomqvist, Eva and Cochez, Michael and d'Amato, Claudia and de Melo, Gerard and Gutierrez, Claudio and Gayo, Jos{\'e} Emilio Labra and Kirrane, Sabrina and Neumaier, Sebastian and Polleres, Axel and others},
  journal={arXiv preprint arXiv:2003.02320},
  year={2020}
}

@inproceedings{Ruffinelli2020You,
    title={You CAN Teach an Old Dog New Tricks! On Training Knowledge Graph Embeddings},
    author={Daniel Ruffinelli and Samuel Broscheit and Rainer Gemulla},
    booktitle={International Conference on Learning Representations},
    year={2020},
    url={https://openreview.net/forum?id=BkxSmlBFvr}
}

@ARTICLE{5272205,
  author={Zhu, Jingbo and Wang, Huizhen and Tsou, Benjamin K. and Ma, Matthew},
  journal={IEEE Transactions on Audio, Speech, and Language Processing}, 
  title={Active Learning With Sampling by Uncertainty and Density for Data Annotations}, 
  year={2010},
  volume={18},
  number={6},
  pages={1323-1331},
  doi={10.1109/TASL.2009.2033421}}
  
  
  
  
  
 @book{human-in-the-loop,
  title={Human-in-the-loop Machine Learning},
  author={Monarch, Robert (Munro)},
  year={2021},
  publisher={Manning}
}



@inproceedings{UKGE,
  title={Embedding uncertain knowledge graphs},
  author={Chen, Xuelu and Chen, Muhao and Shi, Weijia and Sun, Yizhou and Zaniolo, Carlo},
  booktitle={Proceedings of the AAAI Conference on Artificial Intelligence},
  volume={33},
  number={01},
  pages={3363--3370},
  year={2019}
}



@INPROCEEDINGS{9207513,
  author={Nayyeri, Mojtaba and Zhou, Xiaotian and Vahdati, Sahar and Izanloo, Reza and Yazdi, Hamed Shariat and Lehmann, Jens},
  booktitle={2020 International Joint Conference on Neural Networks (IJCNN)}, 
  title={Let the Margin SlidE ± for Knowledge Graph Embeddings via a Correntropy Objective Function}, 
  year={2020},
  volume={},
  number={},
  pages={1-9},
  doi={10.1109/IJCNN48605.2020.9207513}}
  
  
 @article{TuckER,
  author    = {Ivana Balazevic and
               Carl Allen and
               Timothy M. Hospedales},
  title     = {TuckER: Tensor Factorization for Knowledge Graph Completion},
  journal   = {CoRR},
  volume    = {abs/1901.09590},
  year      = {2019},
  url       = {http://arxiv.org/abs/1901.09590},
  eprinttype = {arXiv},
  eprint    = {1901.09590},
  timestamp = {Sat, 23 Jan 2021 01:12:34 +0100},
  biburl    = {https://dblp.org/rec/journals/corr/abs-1901-09590.bib},
  bibsource = {dblp computer science bibliography, https://dblp.org}
}


@ARTICLE{8047276,  
    author={Wang, Quan and Mao, Zhendong and Wang, Bin and Guo, Li},  
    journal={IEEE Transactions on Knowledge and Data Engineering},   
    title={Knowledge Graph Embedding: A Survey of Approaches and Applications},   year={2017},  
    volume={29},  
    number={12},  
    pages={2724-2743},  
    doi={10.1109/TKDE.2017.2754499}}
    
    
    
@article{MikolovSCCD13,
  author    = {Tom{\'{a}}s Mikolov and
               Ilya Sutskever and
               Kai Chen and
               Greg Corrado and
               Jeffrey Dean},
  title     = {Distributed Representations of Words and Phrases and their Compositionality},
  journal   = {CoRR},
  volume    = {abs/1310.4546},
  year      = {2013},
  url       = {http://arxiv.org/abs/1310.4546},
  eprinttype = {arXiv},
  eprint    = {1310.4546},
  timestamp = {Mon, 28 Dec 2020 11:31:02 +0100},
  biburl    = {https://dblp.org/rec/journals/corr/MikolovSCCD13.bib},
  bibsource = {dblp computer science bibliography, https://dblp.org}
}

@inproceedings{NIPS1999_464d828b,
 author = {Sutton, Richard S and McAllester, David and Singh, Satinder and Mansour, Yishay},
 booktitle = {Advances in Neural Information Processing Systems},
 editor = {S. Solla and T. Leen and K. M\"{u}ller},
 pages = {},
 publisher = {MIT Press},
 title = {Policy Gradient Methods for Reinforcement Learning with Function Approximation},
 url = {https://proceedings.neurips.cc/paper/1999/file/464d828b85b0bed98e80ade0a5c43b0f-Paper.pdf},
 volume = {12},
 year = {1999}
}

