@inproceedings{negationakbc,
  title={Enriching Knowledge Bases with Interesting Negative Statements},
  author={Arnaout, H. and Razniewski, S. and Weikum, G.},
  booktitle={AKBC},
  year={2020},
}

@inproceedings{edithistory2019,
  title = {Querying the Edit History of {Wikidata}},
  AUTHOR = {Tanon, T. and Suchanek, F.},
  BOOKTITLE = {ESWC},
  YEAR = {2019},
}

@inproceedings{arnaout2021negative,
  title={Negative Knowledge for Open-world Wikidata},
  author={Arnaout, Hiba and Razniewski, Simon and Weikum, Gerhard and Pan, Jeff Z},
  booktitle={The Web Conference},
  year={2021}
}


@ARTICLE{Analyti04negationand,
    author = {Analyti, A. and Antoniou, G. and Viegas Dam{\'{a}}sio, C. and Wagner, G.},
    title = {Negation and Negative Information in the {W3C} {Resource} {Description} {Framework}},
    journal = {AMCT},
    year = {2004}
}

@article{DBLP:journals/amai/AnalytiADP13,
  author    = {Analyti, A. and
               Antoniou, G. and
            Viegas Dam{\'{a}}sio, C. and
                Pachoulakis, I.},
  title     = {A framework for modular {ERDF} ontologies},
  journal   = {AMAI},
  year      = {2013}
}

@article{CSKB,
      title={Generating Negative Commonsense Knowledge}, 
      author={Safavi, T. and Koutra, D.},
      year={2020},
  journal={arXiv},
}

@inproceedings{gadwww,
author = {Tran, T. and Gad-Elrab, M. and Stepanova, D. and Kharlamov, E. and Str\"{o}tgen, J.},
title = {Fast Computation of Explanations for Inconsistency in Large-Scale Knowledge Graphs},
year = {2020},
booktitle = {WWW},
}

@InProceedings{DuPa2015,
 author    = {Du, J. and Pan, J. Z.},
 title     = {{Rewriting-based instance retrieval for negated concepts in Description Logic ontologies}},
 booktitle = {ISWC},
 year      = {2015}
 }
 
 @article{WPKD2020,
 author    = {Kemas Wiharja and Jeff Z. Pan and Martin J. Kollingbaum and Yu Deng},
 title     = {Schema Aware Iterative Knowledge Graph Completion},
 journal   = {Journal of Web Semantics},
 year       ={2020} 
 }
 
@InProceedings{PPLL+2018,
 author    = {Jeff Z. Pan and Siyana Pavlova and Chenxi Li and Ningxi Li and Yangmei Li and Jinshuo Liu},
 title     = {Content based Fake News Detection Using Knowledge Graphs},
 booktitle   ={ISWC},
 year       ={2018}
} 

 @article{RPZ2010c,
 author    = {Yuan Ren and Jeff Z. Pan and Yuting Zhao},
 title     = {Closed World Reasoning for {OWL2} with {NBox}},
 journal = {JTST},
 year      = {2010}
 }

@inproceedings{oren2006extending,
  title={Extending faceted navigation for {RDF} data},
  author={Oren, Eyal and Delbru, Renaud and Decker, Stefan},
  booktitle={ISWC},
  year={2006},
}

@inproceedings{FHPPW2006,
  author = {Flouris, G. and Huang, Z. and Pan, J. Z. and Plexousakis, D. and Wache, H.},
  booktitle = {AAAI},
  title = {Inconsistencies, Negations and Changes in Ontologies.},
  year = 2006
}


@Book{Pan2016,
  title     = {Exploiting Linked Data and Knowledge Graphs for Large Organisations},
  publisher = {Springer},
  year      = {2016},
  author    = {Jeff Z. Pan and Guido Vetere and Jose Manuel Gomez-Perez and  Honghan Wu. (Eds.).},
  editor    = {Jeff Z. Pan and  Guido Vetere and Jose Manuel Gomez-Perez and  Honghan Wu. (Eds.).},
  ISBN = {978-3-319-45654-6}
}

@Book{Pan2017,
  title     = {Reasoning web: logical foundation of knowledge graph construction and query answering},
  publisher = {Springer},
  year      = {2017},
  author    = {Jeff Z. Pan and Diego Calvanese and Thomas Eiter and  Ian Horrocks and  Michael Kifer and  Fangzhen Lin and  Yuting Zhao (Eds)},
}


@inproceedings{MKGGB2018,
  author    = {Malyshev, S. and Kr{\"{o}}tzsch, M. and  Gonz{\'{a}}lez, L. and Gonsior, L. and Bielefeldt, A.},
  title     = {Getting the Most out of {Wikidata}: semantic Technology Usage in  {Wikipediaâ€™s} Knowledge Graph},
  booktitle = {ISWC},
  year      = {2018},
}

@inproceedings{DBLP:conf/semweb/DarariPN15,
  author    = {Darari, F. and
               Prasojo, R. E.  and
            Nutt, W.},
  title     = {Expressing No-Value Information in {RDF}},
  booktitle = {ISWC},
  year      = {2015}
}

@inproceedings{ANION,
  author    = { Jiang, L. and
                Bosselut, A. and
                Bhagavatula, C. and
                Choi, Y.},
  title     = {``{I'm} Not Mad'': commonsense Implications of Negation and Contradiction},
  booktitle = {NAACL-HLT},
  year      = {2021}
}

@book{DBLP:books/aw/AbiteboulHV95,
  author    = {Abiteboul, S. and
                Hull, R. and
                Vianu, V.},
  title     = {Foundations of Databases},
  publisher = {Addison-Wesley},
  year      = {1995}
}

@article{ArnaoutRWP21,
  author    = {Arnaout, H. and
            Razniewski, S. and
               Weikum, G. and
            Pan, J. Z.},
  title     = {Wikinegata: a Knowledge Base with Interesting Negative Statements},
  journal   = {PVLDB},
   year = {2021},
}



@article{WD,
 author = {Vrande{\v{c}}i{\'c}, D. and Kr\"{o}tzsch, M.},
 title = {{Wikidata}: a Free Collaborative Knowledge base},
 journal = {CACM},
 year = {2014},
} 

@inproceedings{erxleben2014introducing,
  title={Introducing {Wikidata} to the linked data web},
  author={Erxleben, F. and G{\"u}nther, M. and Kr{\"o}tzsch, M. and Mendez, J. and and Vrande{\v{c}}i{\'c}, D.},
  booktitle={ISWC},
  year={2014},
}

@inproceedings{ponza,
  author    = {Ponza, M. and
            Ferragina, P. and
            Chakrabarti, S.},
  title     = {A Two-Stage Framework for Computing Entity Relatedness in {Wikipedia}},
  booktitle = {CIKM},
  year      = {2017},
}


@inproceedings{razniewski2017doctoral,
  title={Doctoral advisor or medical condition: towards entity-specific rankings of knowledge base properties},
  author={Razniewski, S. and Balaraman, V. and Nutt, W.},
  booktitle={ADMA},
  year={2017},
}

@article{AKB,
  title={Mining an "anti-knowledge base" from {Wikipedia} updates with applications to fact checking and beyond},
  author={Karagiannis, G. and Trummer, I. and Jo, S. and Khandelwal, S. and Wang, X. and Yu, C.},
  journal={PVLDB},
  year={2019},
}

@inproceedings{huang2019contextual,
  title={Contextual Fact Ranking and Its Applications in Table Synthesis and Compression},
  author={Huang, S. and Liu, J. and Korn, F. and Wang, X. and Wu, Y. and Markowitz, D. and Yu, C.},
  booktitle={KDD},
  year={2019}
}




@article{mcguinness2004owl,
  title={{OWL} web ontology language overview},
  author={McGuinness, D. and Van Harmelen, F. and others},
  journal={W3C recommendation},
  year={2004}
}

@inproceedings{marx2017sqid,
  title={{SQID}: Towards Ontological Reasoning for {Wikidata}.},
  author={Marx, M. and Kr{\"o}tzsch, M.},
  booktitle={ISWC},
  year={2017}
}



@inproceedings{razniewski2011completeness,
  title={Completeness of queries over incomplete databases},
  author={Razniewski, S. and Nutt, W.},
  year={2011},
  organization={VLDB}
}

@inproceedings{ho2018rule,
  title={Rule learning from knowledge graphs guided by embedding models},
  author={Ho, V. and Stepanova, D. and Gad-Elrab, M. and Kharlamov, E. and Weikum, G.},
  booktitle={ISWC},
  year={2018},
}


@article{CYC,
 author = {Lenat, Douglas B.},
 title = {{CYC}: A Large-scale Investment in Knowledge Infrastructure},
 year = {1995},
 publisher = {CACM},
} 
@INPROCEEDINGS{SUMO,
    author = {Pease, A. and Niles, I. and Li, J.},
    title = {The Suggested Upper Merged Ontology: A Large Ontology for the Semantic Web and its Applications},
    booktitle = {AAAI},
    year = {2002},
}

@techreport{YAGO2,
  author = {Hoffart, J. and Suchanek, F. and Berberich, K. and Weikum, G.},
  title = {{YAGO2}: a spatially and temporally enhanced knowledge base from {W}ikipedia},
  booktitle = {IJCAI},
  year = 2013
}

@inproceedings{YAGO,
 author = {Suchanek, F. and Kasneci, G and and Weikum, G.},
 title = {{Yago}: A Core of Semantic Knowledge},
 booktitle = {WWW},
 year = {2007},
} 
@InProceedings{DBPEDIA,
author={Auer, S. and Bizer, C. and Kobilarov, G. and Lehmann, J. and Cyganiak, R. and Ives, Z.},
title="{DBpedia}: A Nucleus for a Web of Open Data",
booktitle="ISWC",
year="2007",
}
@inproceedings{FREEBASE,
 author = {Bollacker, K. and Evans, C. and Paritosh, P. and Sturge, T. and Taylor, J.},
 title = {{Freebase}: A Collaboratively Created Graph Database for Structuring Human Knowledge},
 booktitle = {SIGMOD},
 year = {2008},
} 

@incollection{Reiter,
 author = {Reiter, R.},
 chapter = {On closed world databases},
 title = {Readings in Nonmonotonic Reasoning},
 year = {1987},
 publisher = {Morgan Kaufmann Publishers Inc.},
} 

@inproceedings{Minker,
 author = {Minker J.},
 title = {On Indefinite Databases and the Closed World Assumption},
 booktitle = {CADE},
 year = {1982},
} 

@article{ernst2015knowlife,
  title={{Knowlife}: a versatile approach for constructing a large knowledge graph for biomedical sciences},
  author={Ernst, P. and Siu, A. and Weikum, G.},
  journal={BMC bioinformatics},
  year={2015},
}

@article{carston1998informativeness,
  title={Informativeness, relevance and scalar implicature},
  author={Carston R.},
  journal={Pragmatics And Beyond New Series},
  year={1998},
}


@article{wikipedia2vec,
  title={{Wikipedia2Vec}: an optimized tool for learning embeddings of words and entities from Wikipedia},
  author={Yamada, I. and Asai, A. and Shindo, H. and Takeda, H. and Takefuji, Y.},
  journal={arXiv},
  year={2018}
}

@article{romero2019commonsense,
  title={Commonsense Properties from Query Logs and Question Anwering Forums},
  author={Romero, J. and Razniewski, S. and Pal, K. and Pan, J. and Sakhadeo, A. and Weikum, G.},
  journal={CIKM},
  year={2019}
}


@article{NDCG,
 author = {J\"{a}rvelin, K. and Kek\"{a}l\"{a}inen, J.},
 title = {Cumulated Gain-based Evaluation of {IR} Techniques},
 journal = {Trans. Inf. Syst.},
 year = {2002},
} 

@inproceedings{Bast,
 author = {Bast, H. and Buchhold, B. and Haussmann, E.},
 title = {Relevance Scores for Triples from Type-Like Relations},
 booktitle = {SIGIR},
 year = {2015},
} 

@inproceedings{cross,
 author = {Kohavi, R.},
 title = {A Study of Cross-validation and Bootstrap for Accuracy Estimation and Model Selection},
 booktitle = {IJCAI},
 year = {1995},
 publisher = {Morgan Kaufmann Publishers Inc.},
} 

@article{CHAPMAN,
title = "A Simple Algorithm for Identifying Negated Findings and Diseases in Discharge Summaries",
journal = "Journal of Biomedical Informatics",
year = "2001",
author = "Chapman, W. and Bridewell, W. and Hanbury, P. and Cooper, G. and Buchanan, B.",
}

@MISC{UMLS,
    author = {Bodenreider, O.},
    title = {The Unified Medical Language System ({UMLS}): Integrating Biomedical Terminology},
    journal = {Nucleic Acids Research},
    year = {2004}
}
@INPROCEEDINGS{BLANCO,
	author = {Blanco, E. and Moldovan, D.},
	title = {Some Issues on Detecting Negation from Text},
	conference = {Florida Artificial Intelligence Research Society Conference},
	year = {2011},
}

@inproceedings{STICS,
 author = {Hoffart, J. and Milchevski, D. and Weikum, G.},
 title = {{STICS}: Searching with Strings, Things, and Cats},
 booktitle = {SIGIR},
 year = {2014},
} 

@inproceedings{clausIE,
 author = {Del Corro, L. and Gemulla, R.},
 title = {{ClausIE}: Clause-based Open Information Extraction},
 booktitle = {WWW},
 year = {2013},
} 

@inproceedings{RECOIN,
 author = {Balaraman, V. and Razniewski, S. and Nutt, W.},
 title = {Recoin: relative completeness in {Wikidata}},
 booktitle = {Wiki Workshop at WWW},
 year = {2018},
} 

@Article{Abedjan2013,
author="Abedjan, Z. and Naumann, F.",
title="Improving {RDF} Data Through Association Rule Mining",
journal="Datenbank-Spektrum",
year="2013",
}


@incollection{transE,
title = {Translating Embeddings for Modeling Multi-relational Data},
author = {Bordes, A. and Usunier, N. and Garcia-Duran, A. and Weston, J. and Yakhnenko, O.},
booktitle = {NIPS},
year = {2013},
}

@inproceedings{holE,
 author = {Nickel, M. and Rosasco, L. and Poggio, T.},
 title = {Holographic Embeddings of Knowledge Graphs},
 booktitle = {AAAI},
 year = {2016},
} 

@inproceedings{Elbassuoni2009,
 author = {Elbassuoni, S. and Ramanath, M. and Schenkel, R. and Sydow, M. and Weikum, G.},
 title = {Language-model-based Ranking for Queries on {RDF}-graphs},
 booktitle = {CIKM},
 year = {2009},
} 
@article{arnaoutjws2018,
	author = {Arnaout, H. and Elbassuoni, S.},
	title = {Effective Searching of {RDF} Knowledge Graphs},
	journal = {JWS},
	year = {2018},
	publisher = {Elsevier},
}

@inproceedings{Yahya2016,
 author = {Yahya, M. and Barbosa, D. and Berberich, K. and Wang, Q. and Weikum, G.},
 title = {Relationship Queries on Extended Knowledge Graphs},
 booktitle = {WSDM},
 year = {2016},
} 

@INPROCEEDINGS{NAGA, 
author={Kasneci, G. and Suchanek, F. M. and Ifrim, G. and Ramanath, M. and Weikum, G.}, 
booktitle={ICDE}, 
title={{NAGA}: Searching and Ranking Knowledge}, 
year={2008}, 
}

@article{ortona2018rudik,
  title={{RuDiK}: rule discovery in knowledge bases},
  author={Ortona, S. and Meduri, V. and Papotti, P.},
  journal={VLDB},
  year={2018},
}


@inproceedings{Zhiltsov2013,
 author = {Zhiltsov, N. and Agichtein, E.},
 title = {Improving entity search over linked data by modeling latent semantics},
 booktitle = {CIKM},
 year = {2013},
} 

@inproceedings{Schuhmacher2015,
 author = {Schuhmacher, R. and Dietz, L. and Paolo Ponzetto, S.},
 title = {Ranking Entities for Web Queries Through Text and Knowledge},
 booktitle = {CIKM},
 year = {2015},
} 

@inproceedings{ponza2018,
    title = "Facts That Matter",
    author = "Ponza, M. and Del Corro, L. and Weikum, G.",
    booktitle = "EMNLP",
    year = "2018",
}

@MISC{pagerank,
    author = {Larry, P. and Sergey, B. and Motwani, R. and Winograd T.},
    title = {The {PageRank} Citation Ranking: Bringing Order to the Web},
     publisher = {Stanford InfoLab},
    year = {1998}
}
@misc{GKG,
  title = {Introducing the Knowledge Graph: things, not strings},
  author = {Singhal, A.},
  howpublished = {\url{https://www.blog.google/products/search/introducing-knowledge-graph-things-not}},
  year = 2012
}

@inproceedings{Fader2014,
 author = {Fader, A. and Zettlemoyer L. and Etzioni O.},
 title = {Open Question Answering over Curated and Extracted Knowledge Bases},
 booktitle = {KDD},
 year = {2014},
} 

@inproceedings{min2013,
    title = "Distant Supervision for Relation Extraction with an Incomplete Knowledge Base",
    author = "Min, B.  and
      Grishman, R.  and
      Wan, L.  and
      Wang, C.  and
      Gondek, D.",
    booktitle = "NAACL",
    year = "2013",
}

@InProceedings{AMIE3,
author="Lajus, J.
and Gal{\'a}rraga, L.
and Suchanek, F.",
title="Fast and Exact Rule Mining with {AMIE} 3",
booktitle="ESWC",
year="2020",
}


@inproceedings{AMIE,
  author = {GalÃ¡rraga, L. A. and Teflioudi, C. and Hose, K. and Suchanek, F. M.},
  booktitle = {WWW},
  title = {{AMIE}: association rule mining under incomplete evidence in ontological knowledge bases.},
  year = 2013
}

@article{AMIEP,
 author = {Gal\'{a}rraga, L. and Teflioudi, C. and Hose, K. and Suchanek, F. M.},
 title = {Fast Rule Mining in Ontological Knowledge Bases with {AMIE}+},
 journal = {VLDB},
 year = {2015},
} 

@inproceedings{minie,
    title = "{M}in{IE}: Minimizing Facts in Open Information Extraction",
    author = "Gashteovski, K.  and
      Gemulla, R.  and
      del Corro, L.",
    booktitle = "EMNLP",
    year = "2017",
}

@inproceedings{cruzdiaz,
    title = "Detecting Negated and Uncertain Information in Biomedical and Review Texts",
    author = "Cruz D{\'\i}az, N. P.",
      booktitle = "RANLP",
    year = "2013",
}

@inproceedings{bioscope,
 author = {Szarvas, G. and Vincze, V. and Farkas, R. and Csirik, J.},
 title = {The {BioScope} Corpus: Annotation for negation, Uncertainty and Their Scope in Biomedical Texts},
 series = {BioNLP},
 year = {2008},
} 

@INPROCEEDINGS{Goldin03learningto,
    author = {Goldin, I. and Chapman, W.},
    title = {Learning to Detect Negation with {``Not''} in Medical Texts},
    booktitle = {SIGIR},
    year = {2003},
}

@InProceedings{KEhealth,
author="BÃ¤rbÃ¤ntan, I.
and Potolea, R.",
title="Towards Knowledge Extraction from Electronic Health Records - Automatic Negation Identification",
booktitle="IFMBE",
year="2014",
}

@INPROCEEDINGS{PRENEX, 
author={BÃ¤rbÃ¤ntan, I. and Potolea, R.}, 
booktitle={AQTR}, 
title={Exploiting word meaning for negation identification in electronic health records}, 
year={2014}, 
}

@inproceedings{Diefenbach2017,
  author = {Diefenbach, D. and Singh, K. and Maret, P.},
  booktitle = {ESWC},
  title = {{WDAqua-core0}: A Question Answering Component for the Research Community},
  year = 2017
}

@inproceedings{WIKIQA,
    title = "{W}iki{QA}: a Challenge Dataset for Open-Domain Question Answering",
    author = "Yang, Y. and
      Yih, W.  and
      Meek, C.",
    booktitle = "EMNLP",
    year = "2015",
}
@Inbook{Reiter78,
author="Reiter, Raymond",
title="On Closed World Data Bases",
bookTitle="Logic and Data Bases",
year="1978",
}

@InProceedings{ICWA,
author="Minker, J.",
title="On indefinite databases and the closed world assumption",
booktitle="6th Conference on Automated Deduction",
year="1982",
}

@book{logichandbook,
author = {Baader, F. and Calvanese, D. and Mcguinness, D. and Nardi, D. and F. Patel-Schneider, P.},
year = {2007},
title = {The Description Logic handbook},
 publisher = {Cambridge University Press},
}

@Article{Calvanese2007,
author="Calvanese, D.
and De Giacomo, G.
and Lembo, D.
and Lenzerini, M.
and Rosati, R.",
title="Tractable Reasoning and Efficient Query Answering in {Description Logics}: The {DL-Lite} Family",
journal="Journal of Automated Reasoning",
year="2007",
}

@techreport{RDFS,
  author = {Brickley, D. and Guha, R.V.},
  institution = {World Wide Web Consortium},
  title = {{{RDF} Vocabulary Description Language 1.0: {RDF} Schema}},
  type = {{W3C Recommendation}},
  year = 2004
}

@article{SPARQL,
author = {Prud'hommeaux, E. and Seaborne, A.},
year = {2007},
title = {{SPARQL} query language for {RDF}},
 howpublished = {{W3C Recommendation}},
}

@article{Morante2012,
 author = {Morante, R. and Sporleder, C.},
 title = {Modality and Negation: An Introduction to the Special Issue},
 journal = {Comput. Linguist.},
 year = {2012},
} 

@article{extendingnegex,
title={Extending the {NegEx} lexicon for multiple languages},  journal={Studies in health technology and informatics}, publisher={U.S. National Library of Medicine},
author={Chapman, W. and Hillert, D. and Velupillai, S. and Kvist, M. and Skeppstedt, M. and Chapman, B. and Conway, M. and Tharp, M. and Mowery, D. and Deleger, L.},
year={2013}
}

@article{wu2014,
title={Negation's not solved: generalizability versus optimizability in clinical natural language processing},  journal={PloS one},
author={Wu, S. and Miller, T. and Masanz, J. and Coarr, M. and Halgrim, S. and Carrell, D. and Clark, C.},
year={2014}
}

@incollection{grice1975logic,
  author = {Grice, H. P.},
  title = {Logic and Conversation},
    publisher = {Academic Press},
  year = 1975
}

@InProceedings{Moss2010,
author="Moss, S.",
title="Natural Logic and Semantics",
booktitle="Logic, Language and Meaning",
year="2010",
}

@INPROCEEDINGS{NELL,
    author = {Carlson, A. and Betteridge, J. and Kisiel, B. and Settles, B. and Hruschka, E. and Mitchell, T.},
    title = {Toward an architecture for never-ending language learning},
    booktitle = {AAAI},
    year = {2010}
}

@inproceedings{OLLIE,
 author = {Mausam and Schmitz, M. and Bart, R. and Soderland, S. and Etzioni, O.},
 title = {Open Language Learning for Information Extraction},
 series = {EMNLP-CoNLL},
 year = {2012},
} 

@inproceedings{KGEMBED,
 author = {Wang, Z. and Zhang, J. and Feng, J. and Chen, Z.},
 title = {Knowledge Graph Embedding by Translating on Hyperplanes},
 booktitle = {AAAI},
 year = {2014},
} 

@inproceedings{galarraga2017predicting,
  title={Predicting completeness in knowledge bases},
  author={Gal{\'a}rraga, L. and Razniewski, S. and Amarilli, A. and Suchanek, F. M},
  booktitle={WSDM},
  year={2017}
}

@INPROCEEDINGS{global2014,
    author = {Pennington, J. and Socher, R. and Manning, C.},
    title = {Glove: Global vectors for word representation},
    booktitle = {EMNLP},
    year = {2014}
}

@article{ghoshSWJ,
	author = {Ghosh, Shrestha and Razniewski, Simon and Weikum, Gerhard},
	title = {Uncovering Hidden Semantics of Set Information in Knowledge Bases},
	journal = {JWS},
	year = {2020},
}

@article{razniewskilimits,
  title={On the Limits of Machine Knowledge: Completeness, Recall and Negation in Web-scale Knowledge Bases},
  author={Razniewski, Simon and Arnaout, Hiba and Ghosh, Shrestha and Suchanek, Fabian},
  journal  = {VLDB},
  year = {2021}
}


@article{KGembsurvey,
author = {Wang, Q. and Mao, Z. and Wang, B. and Guo, L.},
year = {2017},
title = {Knowledge Graph Embedding: a Survey of Approaches and Applications},
journal = {IEEE TKDE},
}